@inproceedings{1585498,
  author    = {C. M. {Fiduccia} and R. M. {Mattheyses}},
  booktitle = {19th Design Automation Conference},
  title     = {A Linear-Time Heuristic for Improving Network Partitions},
  year      = {1982},
  volume    = {},
  number    = {},
  pages     = {175-181},
  doi       = {10.1109/DAC.1982.1585498}
}

@article{6771089,
  author  = {B. W. {Kernighan} and S. {Lin}},
  journal = {The Bell System Technical Journal},
  title   = {An efficient heuristic procedure for partitioning graphs},
  year    = {1970},
  volume  = {49},
  number  = {2},
  pages   = {291-307},
  doi     = {10.1002/j.1538-7305.1970.tb01770.x}
}

@article{508322,
  author  = { {Thang Nguyen Bui} and  {Byung Ro Moon}},
  journal = {IEEE Transactions on Computers},
  title   = {Genetic algorithm and graph partitioning},
  year    = {1996},
  volume  = {45},
  number  = {7},
  pages   = {841-855},
  doi     = {10.1109/12.508322}
}
    